@article{hong2015top,
  title={Top tips to make your research irreproducible},
  author={Hong, Neil P Chue and Crick, Tom and Gent, Ian P and Kotthoff, Lars and Takeda, Kenji},
  journal={arXiv preprint arXiv:1504.00062},
  year={2015}
},

@misc{jacksonNodate,
  title={How to cite and describe software},
  author={Jackson, Mike},
   howpublished = "\url{https://software.ac.uk/how-cite-software}",
   institution = {Software Sustainability Institute},
  note = "[Online; accessed 22.7.2019]",
  year={no date}
}